@book{lewis_counterfactuals_1973,
	address = {Oxford},
	title = {Counterfactuals},
	isbn = {0-631-14380-7},
	language = {English},
	publisher = {Basil Blackwell},
	author = {Lewis, David K.},
	year = {1973},
}
@article{kripke_modal_logic_1963,
	volume = {16},
	journal = {Acta Philosophica Fennica},
	author = {Saul A. Kripke},
	pages = {83--94},
	year = {1963},
	title = {Semantical Considerations on Modal Logic}
}
@article{byrne_counterfactual_2016,
  title={Counterfactual thought},
  author={Byrne, Ruth MJ},
  journal={Annual review of psychology},
  volume={67},
  number={1},
  pages={135--157},
  year={2016}
}